% This file was created with Citavi 6.7.0.0

@article{air.laid.feather.fibre.Zhao.2020,
 author = {Zhao, Yuanxiang and Dieckmann, Elena and Cheeseman, Christopher},
 year = {2020},
 title = {Low-temperature thermal insulation materials with high impact resistance made from feather-fibres},
 pages = {100039},
 pagination = {page},
 volume = {6},
 issn = {25901508},
 journaltitle = {Materials Letters: X},
 doi = {10.1016/j.mlblux.2020.100039},
 abstract = {},
 note = {PII:  S2590150820300028}
}


@misc{Biobased.PU.HuangX.QiJ.DeHoopC.XieJ.andChenY.2017,
 author = {{Huang, X., Qi, J., De Hoop, C., Xie, J., and Chen, Y.}},
 year = {2017},
 title = {Biobased polyurethane foam insulation from microwave liquefaction of woody underbrush},
 url = {https://bioresources.cnr.ncsu.edu/wp-content/uploads/2017/09/BioRes_12_4_8160_Huang_QHXC_Biobased_PU_Foam_Insulation_Liquefaction_Woody_Underbrush_12704.pdf},
 urldate = {2021-05-02},
 abstract = {},
 organization = {{NC State University}}
}


@patent{Biofoam2.Morrison.1994,
 author = {Morrison, Robert L.},
 year = {1994},
 title = {Biofoam II},
 number = {US5360828 (A)},
 abstract = {Biofoam is a rigid, microcellular organic foam made from organic materials derived from natural products and biological organisms. Starting materials include agar, agarose, gelatin, algin, alginates, gellan gum, and microcrystalline cellulose. The organic material is dissolved in a polar solvent, typically water, and the mixture is gelled. The water in the gel pores is replaced at least once with another solvent to reduce the pore size of the final biofoam. The solvent in the gel pores may be replaced several times. After the final replacement of solvent, the gel is frozen and freeze-dried to form a biofoam. Translucent biofoams are formed by selecting a final solvent that forms very small crystals. A variety of crystalline, fibrous, amorphous, or metallic additives may be incorporated into the foam structure to produce lightweight composite materials with enhanced strength and insulating properties.},
 holder = {{UNIV CALIFORNIA}},
 date = {11/1/1994},
 file = {http://worldwide.espacenet.com/publicationDetails/biblio?FT=D&CC=US&NR=5360828A&KC=A},
 location = {US},
 version = {US19940215159 19940321;US19930043300 19930406},
 subtitle = {US19940215159;US19930043300},
 titleaddon = {C08J9/00;C08J9/28;C08J9/26;C08J9/28}
}


@misc{directive.93-2-EC.medizinprodukte.2007,
 author = {{European Council}},
 title = {Council Directive 93/42/EEC},
 url = {https://eur-lex.europa.eu/legal-content/EN/TXT/?qid=1620368811646&uri=CELEX%3A01993L0042-20071011},
 urldate = {2021-05-05},
 abstract = {},
 date = {1993-06-14},
 version = {1993L0042 — EN — 11.10.2007 — 005.001},
 file = {https://eur-lex.europa.eu/legal-content/EN/TXT/?qid=1620368811646&uri=CELEX:01993L0042-20071011},
 year = {1993-06-14}
}


@online{genehmigungspflicht.BfArM,
 title = {BfArM},
 url = {https://www.bfarm.de/DE/Medizinprodukte/KlinischePruefung/AbsehenVonDerGenehmigungspflicht/_node.html},
 urldate = {2021-05-07},
 abstract = {Klinische Prüfung},
 file = {https://www.bfarm.de/DE/Medizinprodukte/KlinischePruefung/AbsehenVonDerGenehmigungspflicht/_node.html},
 subtitle = {Antrag auf Absehen von der Genehmigungspflicht}
}


@online{Kompressor.datenblatt.Masterflux.20210727,
 author = {Masterflux},
 title = {Datenblatt CASCADE17-0146Y1},
 url = {https://www.masterflux.com/userimages/CASCADE17-0146Y1_DATA_SHEET.pdf},
 urldate = {2021-07-27},
 abstract = {}
}


@misc{MPG,
 author = {{Bundesrepublik Deutschland}},
 title = {Medizinische Produkte Gesetz},
 url = {https://www.gesetze-im-internet.de/mpg/index.html#BJNR196300994BJNE001903377},
 urldate = {2021-05-07},
 abstract = {},
 date = {2021-05-07},
 year = {2021-05-07},
 titleaddon = {MPG}
}


@article{silica.graphene.aerogel.Lei.2017,
 author = {Lei, Yaofei and Hu, Zijun and Cao, Bin and Chen, Xiaohong and Song, Huaihe},
 year = {2017},
 title = {Enhancements of thermal insulation and mechanical property of silica aerogel monoliths by mixing graphene oxide},
 pages = {183--190},
 pagination = {page},
 volume = {187},
 issn = {02540584},
 journaltitle = {Materials Chemistry and Physics},
 doi = {10.1016/j.matchemphys.2016.11.064},
 abstract = {},
 note = {PII:  S0254058416308975}
}


@patent{Vakuumplate.Nagarajan.2013,
 author = {Nagarajan, Venkata S. and Grieco, William J.},
 year = {2015},
 title = {VACUUM INSULATED PANEL},
 number = {US2015118434 (A1)},
 abstract = {A vacuum insulated panel includes a fiberglass insulation blanket and a barrier layer. The barrier layer is sealed around the fiberglass insulation blanket. Gas inside the barrier layer is evacuated such that the fiberglass insulation blanket is compressed.},
 holder = {{OWENS CORNING INTELLECTUAL CAP}},
 date = {4/30/2015},
 file = {http://worldwide.espacenet.com/publicationDetails/biblio?FT=D&CC=US&NR=2015118434A1&KC=A1},
 location = {US},
 version = {US201314067025 20131030},
 subtitle = {US201314067025},
 titleaddon = {F16L59/07;B32B37/10;E04C2/02}
}


